@misc{zhao_2023,
      title={A Survey of Large Language Models}, 
      author={Wayne Xin Zhao and Kun Zhou and Junyi Li and Tianyi Tang and Xiaolei Wang and Yupeng Hou and Yingqian Min and Beichen Zhang and Junjie Zhang and Zican Dong and Yifan Du and Chen Yang and Yushuo Chen and Zhipeng Chen and Jinhao Jiang and Ruiyang Ren and Yifan Li and Xinyu Tang and Zikang Liu and Peiyu Liu and Jian-Yun Nie and Ji-Rong Wen},
      year={2023},
      eprint={2303.18223},
      archivePrefix={arXiv},
      primaryClass={cs.CL},
      url={https://arxiv.org/abs/2303.18223}, 
}

@misc{naveed_2024,
      title={A Comprehensive Overview of Large Language Models}, 
      author={Humza Naveed and Asad Ullah Khan and Shi Qiu and Muhammad Saqib and Saeed Anwar and Muhammad Usman and Naveed Akhtar and Nick Barnes and Ajmal Mian},
      year={2024},
      eprint={2307.06435},
      archivePrefix={arXiv},
      primaryClass={cs.CL},
      url={https://arxiv.org/abs/2307.06435}, 
}

 @article{hadi_2024,
      title={Large Language Models: A Comprehensive Survey of its Applications, Challenges, Limitations, and Future Prospects},
      url={http://dx.doi.org/10.36227/techrxiv.23589741.v6},
      DOI={10.36227/techrxiv.23589741.v6},
      publisher={Institute of Electrical and Electronics Engineers (IEEE)},
      author={Hadi, Muhammad Usman and Tashi, Qasem Al and Shah, Abbas and Qureshi, Rizwan and Muneer, Amgad and Irfan, Muhammad and Zafar, Anas and Shaikh, Muhammad Bilal and Akhtar, Naveed and Wu, Jia and Mirjalili, Seyedali and Shah, Mubarak},
      year={2024},
      month=aug
}

@article{article,
      author = {Hochreiter, Sepp},
      year = {1991},
      month = {04},
      pages = {},
      title = {Untersuchungen zu dynamischen neuronalen Netzen}
}